@article{gupta2021dynamic,
	title={Dynamic population-based meta-learning for multi-agent communication with natural language},
	author={Gupta, Abhinav and Lanctot, Marc and Lazaridou, Angeliki},
	journal={Advances in Neural Information Processing Systems},
	volume={34},
	year={2021}
}

@article{andreas2016reasoning,
	title={Reasoning about pragmatics with neural listeners and speakers},
	author={Andreas, Jacob and Klein, Dan},
	journal={arXiv preprint arXiv:1604.00562},
	year={2016}
}
@article{kim2021vilt,
	title={Vilt: Vision-and-language transformer without convolution or region supervision},
	author={Kim, Wonjae and Son, Bokyung and Kim, Ildoo},
	journal={arXiv preprint arXiv:2102.03334},
	year={2021}
}
@article{lazaridou2020multi,
	title={Multi-agent communication meets natural language: Synergies between functional and structural language learning},
	author={Lazaridou, Angeliki and Potapenko, Anna and Tieleman, Olivier},
	journal={arXiv preprint arXiv:2005.07064},
	year={2020}
}
@inproceedings{vedantam2017context,
	title={Context-aware captions from context-agnostic supervision},
	author={Vedantam, Ramakrishna and Bengio, Samy and Murphy, Kevin and Parikh, Devi and Chechik, Gal},
	booktitle={Proceedings of the IEEE Conference on Computer Vision and Pattern Recognition},
	pages={251--260},
	year={2017}
}
@inproceedings{lu2020countering,
	title={Countering language drift with seeded iterated learning},
	author={Lu, Yuchen and Singhal, Soumye and Strub, Florian and Courville, Aaron and Pietquin, Olivier},
	booktitle={International Conference on Machine Learning},
	pages={6437--6447},
	year={2020},
	organization={PMLR}
}
@article{lee2019countering,
	title={Countering language drift via visual grounding},
	author={Lee, Jason and Cho, Kyunghyun and Kiela, Douwe},
	journal={arXiv preprint arXiv:1909.04499},
	year={2019}
}
@article{lazaridou2020emergent,
	title={Emergent multi-agent communication in the deep learning era},
	author={Lazaridou, Angeliki and Baroni, Marco},
	journal={arXiv preprint arXiv:2006.02419},
	year={2020}
}
 @inproceedings{zitnick2013bringing,
 	title={Bringing semantics into focus using visual abstraction},
 	author={Zitnick, C Lawrence and Parikh, Devi},
 	booktitle={Proceedings of the IEEE Conference on Computer Vision and Pattern Recognition},
 	pages={3009--3016},
 	year={2013}
 }
 @inproceedings{lin2014microsoft,
 	title={Microsoft coco: Common objects in context},
 	author={Lin, Tsung-Yi and Maire, Michael and Belongie, Serge and Hays, James and Perona, Pietro and Ramanan, Deva and Doll{\'a}r, Piotr and Zitnick, C Lawrence},
 	booktitle={European conference on computer vision},
 	pages={740--755},
 	year={2014},
 	organization={Springer}
 }
 @article{krishna2017visual,
 	title={Visual genome: Connecting language and vision using crowdsourced dense image annotations},
 	author={Krishna, Ranjay and Zhu, Yuke and Groth, Oliver and Johnson, Justin and Hata, Kenji and Kravitz, Joshua and Chen, Stephanie and Kalantidis, Yannis and Li, Li-Jia and Shamma, David A and others},
 	journal={International journal of computer vision},
 	volume={123},
 	number={1},
 	pages={32--73},
 	year={2017},
 	publisher={Springer}
 }
 @inproceedings{sharma2018conceptual,
 	title={Conceptual captions: A cleaned, hypernymed, image alt-text dataset for automatic image captioning},
 	author={Sharma, Piyush and Ding, Nan and Goodman, Sebastian and Soricut, Radu},
 	booktitle={Proceedings of the 56th Annual Meeting of the Association for Computational Linguistics (Volume 1: Long Papers)},
 	pages={2556--2565},
 	year={2018}
 }
 @article{dai2017contrastive,
 	title={Contrastive learning for image captioning},
 	author={Dai, Bo and Lin, Dahua},
 	journal={arXiv preprint arXiv:1710.02534},
 	year={2017}
 }
 @article{lu2019vilbert,
 	title={Vilbert: Pretraining task-agnostic visiolinguistic representations for vision-and-language tasks},
 	author={Lu, Jiasen and Batra, Dhruv and Parikh, Devi and Lee, Stefan},
 	journal={arXiv preprint arXiv:1908.02265},
 	year={2019}
 }
@article{su2019vl,
	title={Vl-bert: Pre-training of generic visual-linguistic representations},
	author={Su, Weijie and Zhu, Xizhou and Cao, Yue and Li, Bin and Lu, Lewei and Wei, Furu and Dai, Jifeng},
	journal={arXiv preprint arXiv:1908.08530},
	year={2019}
}
@article{lazaridou2018emergence,
	title={Emergence of linguistic communication from referential games with symbolic and pixel input},
	author={Lazaridou, Angeliki and Hermann, Karl Moritz and Tuyls, Karl and Clark, Stephen},
	journal={arXiv preprint arXiv:1804.03984},
	year={2018}
}
@article{van2020grammar,
	title={The grammar of emergent languages},
	author={van der Wal, Oskar and de Boer, Silvan and Bruni, Elia and Hupkes, Dieuwke},
	journal={arXiv preprint arXiv:2010.02069},
	year={2020}
}
@article{jhamtani2018learning,
	title={Learning to describe differences between pairs of similar images},
	author={Jhamtani, Harsh and Berg-Kirkpatrick, Taylor},
	journal={arXiv preprint arXiv:1808.10584},
	year={2018}
}
@inproceedings{misra2016seeing,
	title={Seeing through the human reporting bias: Visual classifiers from noisy human-centric labels},
	author={Misra, Ishan and Lawrence Zitnick, C and Mitchell, Margaret and Girshick, Ross},
	booktitle={Proceedings of the IEEE Conference on Computer Vision and Pattern Recognition},
	pages={2930--2939},
	year={2016}
}
@inproceedings{mao2016generation,
	title={Generation and comprehension of unambiguous object descriptions},
	author={Mao, Junhua and Huang, Jonathan and Toshev, Alexander and Camburu, Oana and Yuille, Alan L and Murphy, Kevin},
	booktitle={Proceedings of the IEEE conference on computer vision and pattern recognition},
	pages={11--20},
	year={2016}
}
@article{nie2020pragmatic,
	title={Pragmatic issue-sensitive image captioning},
	author={Nie, Allen and Cohn-Gordon, Reuben and Potts, Christopher},
	journal={arXiv preprint arXiv:2004.14451},
	year={2020}
}
@article{young2014image,
	title={From image descriptions to visual denotations: New similarity metrics for semantic inference over event descriptions},
	author={Young, Peter and Lai, Alice and Hodosh, Micah and Hockenmaier, Julia},
	journal={Transactions of the Association for Computational Linguistics},
	volume={2},
	pages={67--78},
	year={2014},
	publisher={MIT Press}
}
@article{bochkovskiy2020yolov4,
	title={Yolov4: Optimal speed and accuracy of object detection},
	author={Bochkovskiy, Alexey and Wang, Chien-Yao and Liao, Hong-Yuan Mark},
	journal={arXiv preprint arXiv:2004.10934},
	year={2020}
}
@article{chen2015microsoft,
	title={Microsoft coco captions: Data collection and evaluation server},
	author={Chen, Xinlei and Fang, Hao and Lin, Tsung-Yi and Vedantam, Ramakrishna and Gupta, Saurabh and Doll{\'a}r, Piotr and Zitnick, C Lawrence},
	journal={arXiv preprint arXiv:1504.00325},
	year={2015}
}
@inproceedings{karpathy2015deep,
	title={Deep visual-semantic alignments for generating image descriptions},
	author={Karpathy, Andrej and Fei-Fei, Li},
	booktitle={Proceedings of the IEEE conference on computer vision and pattern recognition},
	pages={3128--3137},
	year={2015}
}
@inproceedings{vinyals2015show,
	title={Show and tell: A neural image caption generator},
	author={Vinyals, Oriol and Toshev, Alexander and Bengio, Samy and Erhan, Dumitru},
	booktitle={Proceedings of the IEEE conference on computer vision and pattern recognition},
	pages={3156--3164},
	year={2015}
}
@article{lazaridou2016multi,
	title={Multi-agent cooperation and the emergence of (natural) language},
	author={Lazaridou, Angeliki and Peysakhovich, Alexander and Baroni, Marco},
	journal={arXiv preprint arXiv:1612.07182},
	year={2016}
}
@misc{havrylov2017emergence,
	title={Emergence of Language with Multi-agent Games: Learning to Communicate with Sequences of Symbols}, 
	author={Serhii Havrylov and Ivan Titov},
	year={2017},
	eprint={1705.11192},
	archivePrefix={arXiv},
	primaryClass={cs.LG}
}
@article{jacob2021multitasking,
	title={Multitasking inhibits semantic drift},
	author={Jacob, Athul Paul and Lewis, Mike and Andreas, Jacob},
	journal={arXiv preprint arXiv:2104.07219},
	year={2021}
}
@inproceedings{he2016deep,
	title={Deep residual learning for image recognition},
	author={He, Kaiming and Zhang, Xiangyu and Ren, Shaoqing and Sun, Jian},
	booktitle={Proceedings of the IEEE conference on computer vision and pattern recognition},
	pages={770--778},
	year={2016}
}
@inproceedings{abadi2016tensorflow,
	title={$\{$TensorFlow$\}$: A System for $\{$Large-Scale$\}$ Machine Learning},
	author={Abadi, Mart{\'\i}n and Barham, Paul and Chen, Jianmin and Chen, Zhifeng and Davis, Andy and Dean, Jeffrey and Devin, Matthieu and Ghemawat, Sanjay and Irving, Geoffrey and Isard, Michael and others},
	booktitle={12th USENIX symposium on operating systems design and implementation (OSDI 16)},
	pages={265--283},
	year={2016}
}
@inproceedings{ramesh2021zero,
	title={Zero-shot text-to-image generation},
	author={Ramesh, Aditya and Pavlov, Mikhail and Goh, Gabriel and Gray, Scott and Voss, Chelsea and Radford, Alec and Chen, Mark and Sutskever, Ilya},
	booktitle={International Conference on Machine Learning},
	pages={8821--8831},
	year={2021},
	organization={PMLR}
}
@article{zhou2021lafite,
	title={LAFITE: Towards Language-Free Training for Text-to-Image Generation},
	author={Zhou, Yufan and Zhang, Ruiyi and Chen, Changyou and Li, Chunyuan and Tensmeyer, Chris and Yu, Tong and Gu, Jiuxiang and Xu, Jinhui and Sun, Tong},
	journal={arXiv preprint arXiv:2111.13792},
	year={2021}
}
@article{zhang2018stackgan++,
	title={Stackgan++: Realistic image synthesis with stacked generative adversarial networks},
	author={Zhang, Han and Xu, Tao and Li, Hongsheng and Zhang, Shaoting and Wang, Xiaogang and Huang, Xiaolei and Metaxas, Dimitris N},
	journal={IEEE transactions on pattern analysis and machine intelligence},
	volume={41},
	number={8},
	pages={1947--1962},
	year={2018},
	publisher={IEEE}
}
@InProceedings{conneau-EtAl:2017:EMNLP2017,
	author    = {Conneau, Alexis  and  Kiela, Douwe  and  Schwenk, Holger  and  Barrault, Lo\"{i}c  and  Bordes, Antoine},
	title     = {Supervised Learning of Universal Sentence Representations from Natural Language Inference Data},
	booktitle = {Proceedings of the 2017 Conference on Empirical Methods in Natural Language Processing},
	month     = {September},
	year      = {2017},
	address   = {Copenhagen, Denmark},
	publisher = {Association for Computational Linguistics},
	pages     = {670--680},
	url       = {https://www.aclweb.org/anthology/D17-1070}
}
@article{gunel2020supervised,
	title={Supervised contrastive learning for pre-trained language model fine-tuning},
	author={Gunel, Beliz and Du, Jingfei and Conneau, Alexis and Stoyanov, Ves},
	journal={arXiv preprint arXiv:2011.01403},
	year={2020}
}
@inproceedings{jaques2019social,
	title={Social influence as intrinsic motivation for multi-agent deep reinforcement learning},
	author={Jaques, Natasha and Lazaridou, Angeliki and Hughes, Edward and Gulcehre, Caglar and Ortega, Pedro and Strouse, DJ and Leibo, Joel Z and De Freitas, Nando},
	booktitle={International Conference on Machine Learning},
	pages={3040--3049},
	year={2019},
	organization={PMLR}
}
@inproceedings{marcel2010torchvision,
	title={Torchvision the machine-vision package of torch},
	author={Marcel, S{\'e}bastien and Rodriguez, Yann},
	booktitle={Proceedings of the 18th ACM international conference on Multimedia},
	pages={1485--1488},
	year={2010}
}
@article{hochreiter1997long,
	title={Long short-term memory},
	author={Hochreiter, Sepp and Schmidhuber, J{\"u}rgen},
	journal={Neural computation},
	volume={9},
	number={8},
	pages={1735--1780},
	year={1997},
	publisher={MIT Press}
}
@article{kingma2014adam,
	title={Adam: A method for stochastic optimization},
	author={Kingma, Diederik P and Ba, Jimmy},
	journal={arXiv preprint arXiv:1412.6980},
	year={2014}
}
